@phdthesis{repetition-struct-analysis,
  author      = {Nanzhu Jiang},
  title       = {Repetition-based Structure Analysis of Music Recordings},
  type        = {doctoralthesis},
  school      = {Friedrich-Alexander-Universit{\"a}t Erlangen-N{\"u}rnberg (FAU)},
  year        = {2015},
}

@article{ideas-auto-eval,
  author      = {Freitas, A. and Guimarães, Frederico and Barbosa, Rogério},
  year        = {2012},
  month       = {01},
  pages       = {},
  title       = {Ideas in automatic evaluation methods for melodies in algorithmic composition},
  journal     = {Proceedings of the 9th Sound and Music Computing Conference, SMC 2012},
}

% Original paper from which the Google MAESTRO dataset originates
@inproceedings{maestro,
  title       = {Enabling Factorized Piano Music Modeling and Generation with the {MAESTRO} Dataset},
  author      = {Curtis Hawthorne and Andriy Stasyuk and Adam Roberts and Ian Simon and Cheng-Zhi Anna Huang and Sander Dieleman and Erich Elsen and Jesse Engel and Douglas Eck},
  booktitle   = {International Conference on Learning Representations},
  year        = {2019},
  url         = {https://openreview.net/forum?id=r1lYRjC9F7},
}

@online{jaccard,
	title     = {Jaccard Index},
    author    = {DeepAI},
	url       = {https://deepai.org/machine-learning-glossary-and-terms/jaccard-index},
    urldate   = {2022-10-06},

}
